@misc{sml_basis,
    author       = {AT&T and Lucent Technologies},
    title        = {The Standard ML Basis Library},
    year         = {2004},
    howpublished = {\url{https://smlfamily.github.io/Basis/}},
    note         = {Accessed: 2024-10-15}
}

@misc{zhang_class_notes,
    author       = {Li Zhang},
    title        = {Class Notes - Aug 27},
    year         = {2024},
    howpublished = {\url{https://canvas.emich.edu/courses/87852/pages/class-notes-aug-27?module_item_id=3904936}},
    note         = {Accessed: 2024-10-15}
}
